% This file was created with JabRef 2.5.
% Encoding: Cp1252

@ARTICLE{CodeNameForReference1,
  author = {Authors},
  title = {Title of the article},
  journal = {Journal where the article was published in},
  year = {2012},
  volume = {33},
  pages = {22-25},
  owner = {the owner of the material},
  timestamp = {1.2.2012}
}

@BOOK{CodeNameForReference2,
  title = {Title of the book},
  publisher = {Publisher},
  year = {2012},
  author = {Authors},
  owner = {the owner of the material},
  timestamp = {1.2.2012}
}

@online{wiki:strainEnergy,
    author = "{Wikipedia contributors}",
    title = "Strain Energy",
    url  = "https://en.wikipedia.org/wiki/Strain_energy",
    addendum = "(accessed: 10.09.2019)"
}

@online{wiki:finiteDifference,
    author = "{Wikipedia contributors}",
    title = "Finite difference",
    url  = "https://en.wikipedia.org/wiki/Finite_difference",
    addendum = "(accessed: 11.09.2019)"
}

@BOOK{optimization_Bletzinger,
  title = {Structural Optimization},
  year = {2016},
  author = {Prof. Dr.-Ing. Kai-Uwe Bletzinger},
  owner = {Technical University Munich},
}

@phdthesis{masching_dissertation,
    title    = {Parameter Free Optimization of Shape Adaptive Shell Structures},
    school   = {Technical University of Munich},
    author   = {Helmut Masching},
    year     = {2015},
    type     = {{PhD} dissertation},
}

@phdthesis{firl_dissertation,
    title    = {Optimal Shape Design of Shell Structures},
    school   = {Technical University of Munich},
    author   = {Matthias Firl},
    year     = {2010},
    type     = {{PhD} dissertation},
}